[gd_scene load_steps=35 format=1]

[ext_resource path="res://game/level/LevelState.gd" type="Script" id=1]
[ext_resource path="res://asset/gui/hud/fuel/fuel_hud11.png" type="Texture" id=2]
[ext_resource path="res://asset/gui/hud/fuel/fuel_hud12.png" type="Texture" id=3]
[ext_resource path="res://game/gui/theme.tres" type="Theme" id=4]
[ext_resource path="res://game/gui/playerHud.gd" type="Script" id=5]
[ext_resource path="res://asset/gui/hud/hud_bar_down.png" type="Texture" id=6]
[ext_resource path="res://asset/gui/hud/fuel2/hud_fule2_01.png" type="Texture" id=7]
[ext_resource path="res://asset/gui/hud/fuel2/hud_fule2_02.png" type="Texture" id=8]
[ext_resource path="res://asset/gui/hud/fuel2/hud_fule2_03.png" type="Texture" id=9]
[ext_resource path="res://asset/gui/hud/fuel2/hud_fule2_04.png" type="Texture" id=10]
[ext_resource path="res://asset/gui/hud/fuel2/hud_fule2_05.png" type="Texture" id=11]
[ext_resource path="res://asset/gui/hud/fuel2/hud_fule2_06.png" type="Texture" id=12]
[ext_resource path="res://asset/gui/hud/fuel2/hud_fule2_07.png" type="Texture" id=13]
[ext_resource path="res://asset/gui/hud/fuel2/hud_fule2_08.png" type="Texture" id=14]
[ext_resource path="res://asset/gui/hud/fuel2/hud_fule2_09.png" type="Texture" id=15]
[ext_resource path="res://asset/gui/hud/fuel2/hud_fule2_10.png" type="Texture" id=16]
[ext_resource path="res://asset/gui/hud/fuel2/hud_fule2_11.png" type="Texture" id=17]
[ext_resource path="res://asset/gui/hud/fuel2/hud_fule2_12.png" type="Texture" id=18]
[ext_resource path="res://asset/gui/hud/fuel2/hud_fule2_13.png" type="Texture" id=19]
[ext_resource path="res://asset/gui/hud/fuel2/hud_fule2_14.png" type="Texture" id=20]
[ext_resource path="res://asset/gui/hud/fuel2/hud_fule2_15.png" type="Texture" id=21]
[ext_resource path="res://asset/gui/hud/fuel2/hud_fule2_16.png" type="Texture" id=22]
[ext_resource path="res://asset/gui/hud/fuel2/hud_fule2_17.png" type="Texture" id=23]
[ext_resource path="res://asset/gui/hud/fuel2/hud_fule2_18.png" type="Texture" id=24]
[ext_resource path="res://asset/gui/hud/fuel2/hud_fule2_19.png" type="Texture" id=25]
[ext_resource path="res://asset/gui/hud/fuel2/hud_fule2_20.png" type="Texture" id=26]
[ext_resource path="res://asset/gui/hud/fuel2/hud_fule2_21.png" type="Texture" id=27]
[ext_resource path="res://asset/sound/start-game.wav" type="Sample" id=28]
[ext_resource path="res://asset/music/music-01.ogg" type="AudioStream" id=29]
[ext_resource path="res://asset/sound/gameOver.smp" type="Sample" id=30]

[sub_resource type="SpriteFrames" id=1]

animations = [ {
"frames": [ ExtResource( 2 ), ExtResource( 3 ) ],
"loop": true,
"name": "default",
"speed": 5.0
} ]

[sub_resource type="SpriteFrames" id=2]

animations = [ {
"frames": [ ExtResource( 7 ), ExtResource( 8 ), ExtResource( 9 ), ExtResource( 10 ), ExtResource( 11 ), ExtResource( 12 ), ExtResource( 13 ), ExtResource( 14 ), ExtResource( 15 ), ExtResource( 16 ), ExtResource( 17 ), ExtResource( 18 ), ExtResource( 19 ), ExtResource( 20 ), ExtResource( 21 ), ExtResource( 22 ), ExtResource( 23 ), ExtResource( 24 ), ExtResource( 25 ), ExtResource( 26 ), ExtResource( 27 ) ],
"loop": false,
"name": "default",
"speed": 21.0
} ]

[sub_resource type="SampleLibrary" id=3]

samples/start-game = {
"db": 0.0,
"pitch": 1.0,
"priority": 0,
"sample": ExtResource( 28 )
}

[sub_resource type="SampleLibrary" id=4]

samples/gameOver = {
"db": 0.0,
"pitch": 1.0,
"priority": 0,
"sample": ExtResource( 30 )
}

[node name="LevelState" type="Node2D"]

script/script = ExtResource( 1 )
currentLevelNumber = 1
fuelAnimationLastFrameIndex = 21

[node name="hud" type="CanvasLayer" parent="."]

layer = 1
offset = Vector2( 0, 0 )
rotation = 0.0
scale = Vector2( 1, 1 )

[node name="fps" type="Label" parent="hud"]

rect/scale = Vector2( 2, 2 )
focus/ignore_mouse = true
focus/stop_mouse = true
size_flags/horizontal = 2
size_flags/vertical = 0
margin/left = 0.0
margin/top = 0.0
margin/right = 40.0
margin/bottom = 14.0
text = "FPS"
percent_visible = 1.0
lines_skipped = 0
max_lines_visible = -1

[node name="lowFuel" type="AnimatedSprite" parent="hud"]

visibility/visible = false
transform/scale = Vector2( 4, 4 )
frames = SubResource( 1 )
animation = "default"
playing = true
centered = false

[node name="gameOverOverlay" type="Node2D" parent="hud"]

[node name="gameOver" type="Label" parent="hud/gameOverOverlay"]

rect/scale = Vector2( 10, 10 )
focus/ignore_mouse = true
focus/stop_mouse = true
size_flags/horizontal = 2
size_flags/vertical = 0
theme/theme = ExtResource( 4 )
margin/left = 448.0
margin/top = 192.0
margin/right = 550.0
margin/bottom = 206.0
custom_colors/font_color = Color( 0.196078, 0.803922, 0.196078, 1 )
text = "Game Over"
align = 1
percent_visible = 1.0
lines_skipped = 0
max_lines_visible = -1

[node name="scoreSummary" type="Label" parent="hud/gameOverOverlay"]

rect/scale = Vector2( 8, 8 )
focus/ignore_mouse = true
focus/stop_mouse = true
size_flags/horizontal = 2
size_flags/vertical = 0
theme/theme = ExtResource( 4 )
margin/left = 384.0
margin/top = 384.0
margin/right = 528.0
margin/bottom = 398.0
custom_colors/font_color = Color( 0.196078, 0.803922, 0.196078, 1 )
text = "0000000000"
align = 1
percent_visible = 1.0
lines_skipped = 0
max_lines_visible = -1

[node name="ok" type="Button" parent="hud/gameOverOverlay"]

process/pause_mode = 2
rect/scale = Vector2( 2, 2 )
focus_neighbour/top = NodePath("../name")
focus_neighbour/bottom = NodePath("../name")
focus/ignore_mouse = false
focus/stop_mouse = true
size_flags/horizontal = 2
size_flags/vertical = 2
theme/theme = ExtResource( 4 )
margin/left = 832.0
margin/top = 672.0
margin/right = 960.0
margin/bottom = 692.0
toggle_mode = false
enabled_focus_mode = 2
shortcut = null
text = "OK"
flat = false

[node name="name" type="LineEdit" parent="hud/gameOverOverlay"]

process/pause_mode = 2
visibility/visible = false
rect/scale = Vector2( 3, 3 )
focus_neighbour/top = NodePath("../ok")
focus_neighbour/bottom = NodePath("../ok")
focus/ignore_mouse = false
focus/stop_mouse = true
size_flags/horizontal = 2
size_flags/vertical = 2
theme/theme = ExtResource( 4 )
margin/left = 736.0
margin/top = 544.0
margin/right = 885.0
margin/bottom = 568.0
placeholder/text = "No name"
placeholder/alpha = 0.6
focus_mode = 2
caret/caret_blink = false
caret/caret_blink_speed = 0.65

[node name="playerHud" type="Node2D" parent="hud"]

transform/pos = Vector2( 942.094, 1079.61 )
script/script = ExtResource( 5 )

[node name="statusBar" type="Sprite" parent="hud/playerHud"]

transform/pos = Vector2( -878, -127 )
texture = ExtResource( 6 )
centered = false

[node name="fuel" type="AnimatedSprite" parent="hud/playerHud"]

transform/pos = Vector2( 17.9055, -23.61 )
frames = SubResource( 2 )
animation = "default"

[node name="lifeNumber" type="Label" parent="hud/playerHud"]

rect/scale = Vector2( 3, 3 )
focus/ignore_mouse = true
focus/stop_mouse = true
size_flags/horizontal = 2
size_flags/vertical = 0
theme/theme = ExtResource( 4 )
margin/left = 482.0
margin/top = -48.0
margin/right = 496.0
margin/bottom = -34.0
custom_colors/font_color = Color( 0.196078, 0.803922, 0.196078, 1 )
text = "4"
percent_visible = 1.0
lines_skipped = 0
max_lines_visible = -1

[node name="bridge" type="Label" parent="hud/playerHud"]

rect/scale = Vector2( 2, 2 )
focus/ignore_mouse = true
focus/stop_mouse = true
size_flags/horizontal = 2
size_flags/vertical = 0
theme/theme = ExtResource( 4 )
margin/left = 730.0
margin/top = -48.0
margin/right = 775.0
margin/bottom = -33.0
custom_colors/font_color = Color( 0.196078, 0.803922, 0.196078, 1 )
text = "0000"
percent_visible = 1.0
lines_skipped = 0
max_lines_visible = -1

[node name="score" type="Label" parent="hud/playerHud"]

rect/scale = Vector2( 2, 2 )
focus/ignore_mouse = true
focus/stop_mouse = true
size_flags/horizontal = 2
size_flags/vertical = 0
theme/theme = ExtResource( 4 )
margin/left = -646.0
margin/top = -48.0
margin/right = -534.0
margin/bottom = -33.0
custom_colors/font_color = Color( 0.196078, 0.803922, 0.196078, 1 )
text = "0000000000"
percent_visible = 1.0
lines_skipped = 0
max_lines_visible = -1

[node name="help" type="Node2D" parent="hud"]

visibility/visible = false
transform/pos = Vector2( 976, 496 )

[node name="Panel" type="Panel" parent="hud/help"]

focus/ignore_mouse = false
focus/stop_mouse = true
size_flags/horizontal = 2
size_flags/vertical = 2
margin/left = -656.0
margin/top = -304.0
margin/right = 624.0
margin/bottom = 40.0

[node name="helpText" type="Label" parent="hud/help/Panel"]

rect/scale = Vector2( 2, 2 )
focus/ignore_mouse = true
focus/stop_mouse = true
size_flags/horizontal = 2
size_flags/vertical = 0
theme/theme = ExtResource( 4 )
margin/left = 32.0
margin/top = 32.0
margin/right = 640.0
margin/bottom = 176.0
custom_colors/font_color = Color( 0.196078, 0.803922, 0.196078, 1 )
text = "GAME PAUSED

AWSD or Arrows - plane control
Space - fire a gun and unpause game
P - pause / unpause game
ESC - end current game"
percent_visible = 1.0
lines_skipped = 0
max_lines_visible = -1

[node name="levelSound" type="SamplePlayer" parent="."]

config/polyphony = 1
config/samples = SubResource( 3 )
default/volume_db = 0.0
default/pitch_scale = 1.0
default/pan = 0.0
default/depth = 0.0
default/height = 0.0
default/filter/type = 0
default/filter/cutoff = 5000.0
default/filter/resonance = 1.0
default/filter/gain = 1.0
default/reverb_room = 2
default/reverb_send = 0.0
default/chorus_send = 0.0

[node name="music" type="StreamPlayer" parent="."]

stream/stream = ExtResource( 29 )
stream/play = true
stream/loop = true
stream/volume_db = 0.0
stream/autoplay = true
stream/paused = false
stream/loop_restart_time = 0.0
stream/buffering_ms = 500

[node name="gameOverSound" type="SamplePlayer" parent="."]

config/polyphony = 1
config/samples = SubResource( 4 )
default/volume_db = 0.0
default/pitch_scale = 1.0
default/pan = 0.0
default/depth = 0.0
default/height = 0.0
default/filter/type = 0
default/filter/cutoff = 5000.0
default/filter/resonance = 1.0
default/filter/gain = 1.0
default/reverb_room = 2
default/reverb_send = 0.0
default/chorus_send = 0.0

[connection signal="pressed" from="hud/gameOverOverlay/ok" to="." method="_on_ok_pressed"]


