[gd_scene load_steps=24 format=1]

[ext_resource path="res://asset/level/coast_slant1.png" type="Texture" id=1]
[ext_resource path="res://asset/level/coast_slant1b.png" type="Texture" id=2]
[ext_resource path="res://asset/level/coast_slant2.png" type="Texture" id=3]
[ext_resource path="res://asset/level/coast_slant2b.png" type="Texture" id=4]
[ext_resource path="res://asset/level/coast_slant3.png" type="Texture" id=5]
[ext_resource path="res://asset/level/coast_slant3b.png" type="Texture" id=6]
[ext_resource path="res://asset/level/coast_straight1.png" type="Texture" id=7]
[ext_resource path="res://asset/level/coast_straight2.png" type="Texture" id=8]
[ext_resource path="res://asset/level/coast_straight3.png" type="Texture" id=9]
[ext_resource path="res://asset/level/grass1.png" type="Texture" id=10]
[ext_resource path="res://asset/level/grass2.png" type="Texture" id=11]
[ext_resource path="res://asset/level/grass3.png" type="Texture" id=12]
[ext_resource path="res://asset/level/road_coast_destroy.png" type="Texture" id=13]

[sub_resource type="ConvexPolygonShape2D" id=1]

custom_solver_bias = 0.0
points = Vector2Array( 0, -32, 16, -32, 32, -16, 32, 0 )

[sub_resource type="ConvexPolygonShape2D" id=2]

custom_solver_bias = 0.0
points = Vector2Array( -32, 0, -32, -16, 16, 32, 0, 32 )

[sub_resource type="ConvexPolygonShape2D" id=3]

custom_solver_bias = 0.0
points = Vector2Array( 0, -32, 16, -32, 32, -16, 32, 0 )

[sub_resource type="ConvexPolygonShape2D" id=4]

custom_solver_bias = 0.0
points = Vector2Array( -32, -16, 16, 32, 0, 32, -32, 0 )

[sub_resource type="ConvexPolygonShape2D" id=5]

custom_solver_bias = 0.0
points = Vector2Array( 0, -32, 16, -32, 32, -16, 32, 0 )

[sub_resource type="ConvexPolygonShape2D" id=6]

custom_solver_bias = 0.0
points = Vector2Array( -32, 0, -32, -16, -16, 0, 16, 32, 0, 32 )

[sub_resource type="ConvexPolygonShape2D" id=7]

custom_solver_bias = 0.0
points = Vector2Array( 0, -32, 16, -32, 16, 32, 0, 32 )

[sub_resource type="ConvexPolygonShape2D" id=8]

custom_solver_bias = 0.0
points = Vector2Array( 0, -32, 16, -32, 16, 32, 0, 32 )

[sub_resource type="ConvexPolygonShape2D" id=9]

custom_solver_bias = 0.0
points = Vector2Array( 0, -32, 16, -32, 16, 32, 0, 32 )

[sub_resource type="ConvexPolygonShape2D" id=10]

custom_solver_bias = 0.0
points = Vector2Array( 0, -32, 16, -32, 16, 32, 0, 32 )

[node name="Node" type="Node2D"]

[node name="coast_slant1" type="Sprite" parent="."]

transform/pos = Vector2( 416, 128 )
texture = ExtResource( 1 )

[node name="StaticBody2D" type="StaticBody2D" parent="coast_slant1"]

input/pickable = false
shapes/0/shape = SubResource( 1 )
shapes/0/transform = Matrix32( 1, 0, 0, 1, 0, 0 )
shapes/0/trigger = false
collision/layers = 1
collision/mask = 1
constant_linear_velocity = Vector2( 0, 0 )
constant_angular_velocity = 0.0
friction = 1.0
bounce = 0.0

[node name="CollisionPolygon2D" type="CollisionPolygon2D" parent="coast_slant1/StaticBody2D"]

build_mode = 0
polygon = Vector2Array( 0, -32, 16, -32, 32, -16, 32, 0 )
shape_range = Vector2( 0, 0 )
trigger = false

[node name="coast_slant1b" type="Sprite" parent="."]

transform/pos = Vector2( 224, 128 )
texture = ExtResource( 2 )

[node name="StaticBody2D" type="StaticBody2D" parent="coast_slant1b"]

input/pickable = false
shapes/0/shape = SubResource( 2 )
shapes/0/transform = Matrix32( 1, 0, 0, 1, 0, 0 )
shapes/0/trigger = false
collision/layers = 1
collision/mask = 1
constant_linear_velocity = Vector2( 0, 0 )
constant_angular_velocity = 0.0
friction = 1.0
bounce = 0.0

[node name="CollisionPolygon2D" type="CollisionPolygon2D" parent="coast_slant1b/StaticBody2D"]

build_mode = 0
polygon = Vector2Array( -32, 0, -32, -16, 16, 32, 0, 32 )
shape_range = Vector2( 0, 0 )
trigger = false

[node name="coast_slant2" type="Sprite" parent="."]

transform/pos = Vector2( 320, 128 )
texture = ExtResource( 3 )

[node name="StaticBody2D" type="StaticBody2D" parent="coast_slant2"]

input/pickable = false
shapes/0/shape = SubResource( 3 )
shapes/0/transform = Matrix32( 1, 0, 0, 1, 0, 0 )
shapes/0/trigger = false
collision/layers = 1
collision/mask = 1
constant_linear_velocity = Vector2( 0, 0 )
constant_angular_velocity = 0.0
friction = 1.0
bounce = 0.0

[node name="CollisionPolygon2D" type="CollisionPolygon2D" parent="coast_slant2/StaticBody2D"]

build_mode = 0
polygon = Vector2Array( 0, -32, 16, -32, 32, -16, 32, 0 )
shape_range = Vector2( 0, 0 )
trigger = false

[node name="coast_slant2b" type="Sprite" parent="."]

transform/pos = Vector2( 128, 128 )
texture = ExtResource( 4 )

[node name="StaticBody2D" type="StaticBody2D" parent="coast_slant2b"]

input/pickable = false
shapes/0/shape = SubResource( 4 )
shapes/0/transform = Matrix32( 1, 0, 0, 1, 0, 0 )
shapes/0/trigger = false
collision/layers = 1
collision/mask = 1
constant_linear_velocity = Vector2( 0, 0 )
constant_angular_velocity = 0.0
friction = 1.0
bounce = 0.0

[node name="CollisionPolygon2D" type="CollisionPolygon2D" parent="coast_slant2b/StaticBody2D"]

build_mode = 0
polygon = Vector2Array( -32, 0, 0, 32, 16, 32, -32, -16 )
shape_range = Vector2( 0, 0 )
trigger = false

[node name="coast_slant3" type="Sprite" parent="."]

transform/pos = Vector2( 512, 128 )
texture = ExtResource( 5 )

[node name="StaticBody2D" type="StaticBody2D" parent="coast_slant3"]

input/pickable = false
shapes/0/shape = SubResource( 5 )
shapes/0/transform = Matrix32( 1, 0, 0, 1, 0, 0 )
shapes/0/trigger = false
collision/layers = 1
collision/mask = 1
constant_linear_velocity = Vector2( 0, 0 )
constant_angular_velocity = 0.0
friction = 1.0
bounce = 0.0

[node name="CollisionPolygon2D" type="CollisionPolygon2D" parent="coast_slant3/StaticBody2D"]

build_mode = 0
polygon = Vector2Array( 0, -32, 16, -32, 32, -16, 32, 0 )
shape_range = Vector2( 0, 0 )
trigger = false

[node name="coast_slant3b" type="Sprite" parent="."]

transform/pos = Vector2( 32, 128 )
texture = ExtResource( 6 )

[node name="StaticBody2D" type="StaticBody2D" parent="coast_slant3b"]

input/pickable = false
shapes/0/shape = SubResource( 6 )
shapes/0/transform = Matrix32( 1, 0, 0, 1, 0, 0 )
shapes/0/trigger = false
collision/layers = 1
collision/mask = 1
constant_linear_velocity = Vector2( 0, 0 )
constant_angular_velocity = 0.0
friction = 1.0
bounce = 0.0

[node name="CollisionPolygon2D" type="CollisionPolygon2D" parent="coast_slant3b/StaticBody2D"]

build_mode = 0
polygon = Vector2Array( -32, 0, -32, -16, -16, 0, 16, 32, 0, 32 )
shape_range = Vector2( 0, 0 )
trigger = false

[node name="coast_straight1" type="Sprite" parent="."]

transform/pos = Vector2( 512, 32 )
texture = ExtResource( 7 )

[node name="StaticBody2D" type="StaticBody2D" parent="coast_straight1"]

input/pickable = false
shapes/0/shape = SubResource( 7 )
shapes/0/transform = Matrix32( 1, 0, 0, 1, 0, 0 )
shapes/0/trigger = false
collision/layers = 1
collision/mask = 1
constant_linear_velocity = Vector2( 0, 0 )
constant_angular_velocity = 0.0
friction = 1.0
bounce = 0.0

[node name="CollisionPolygon2D" type="CollisionPolygon2D" parent="coast_straight1/StaticBody2D"]

build_mode = 0
polygon = Vector2Array( 0, -32, 16, -32, 16, 32, 0, 32 )
shape_range = Vector2( 0, 0 )
trigger = false

[node name="coast_straight2" type="Sprite" parent="."]

transform/pos = Vector2( 416, 32 )
texture = ExtResource( 8 )

[node name="StaticBody2D" type="StaticBody2D" parent="coast_straight2"]

input/pickable = false
shapes/0/shape = SubResource( 8 )
shapes/0/transform = Matrix32( 1, 0, 0, 1, 0, 0 )
shapes/0/trigger = false
collision/layers = 1
collision/mask = 1
constant_linear_velocity = Vector2( 0, 0 )
constant_angular_velocity = 0.0
friction = 1.0
bounce = 0.0

[node name="CollisionPolygon2D" type="CollisionPolygon2D" parent="coast_straight2/StaticBody2D"]

build_mode = 0
polygon = Vector2Array( 0, -32, 16, -32, 16, 32, 0, 32 )
shape_range = Vector2( 0, 0 )
trigger = false

[node name="coast_straight3" type="Sprite" parent="."]

transform/pos = Vector2( 320, 32 )
texture = ExtResource( 9 )

[node name="StaticBody2D" type="StaticBody2D" parent="coast_straight3"]

input/pickable = false
shapes/0/shape = SubResource( 9 )
shapes/0/transform = Matrix32( 1, 0, 0, 1, 0, 0 )
shapes/0/trigger = false
collision/layers = 1
collision/mask = 1
constant_linear_velocity = Vector2( 0, 0 )
constant_angular_velocity = 0.0
friction = 1.0
bounce = 0.0

[node name="CollisionPolygon2D" type="CollisionPolygon2D" parent="coast_straight3/StaticBody2D"]

build_mode = 0
polygon = Vector2Array( 0, -32, 16, -32, 16, 32, 0, 32 )
shape_range = Vector2( 0, 0 )
trigger = false

[node name="grass1" type="Sprite" parent="."]

transform/pos = Vector2( 224, 32 )
texture = ExtResource( 10 )

[node name="grass2" type="Sprite" parent="."]

transform/pos = Vector2( 128, 32 )
texture = ExtResource( 11 )

[node name="grass3" type="Sprite" parent="."]

transform/pos = Vector2( 32, 32 )
texture = ExtResource( 12 )

[node name="road_coast_destroy" type="Sprite" parent="."]

transform/pos = Vector2( 608, 32 )
texture = ExtResource( 13 )

[node name="StaticBody2D" type="StaticBody2D" parent="road_coast_destroy"]

input/pickable = false
shapes/0/shape = SubResource( 10 )
shapes/0/transform = Matrix32( 1, 0, 0, 1, 0, 0 )
shapes/0/trigger = false
collision/layers = 1
collision/mask = 1
constant_linear_velocity = Vector2( 0, 0 )
constant_angular_velocity = 0.0
friction = 1.0
bounce = 0.0

[node name="CollisionPolygon2D" type="CollisionPolygon2D" parent="road_coast_destroy/StaticBody2D"]

build_mode = 0
polygon = Vector2Array( 0, -32, 16, -32, 16, 32, 0, 32 )
shape_range = Vector2( 0, 0 )
trigger = false


